<?xml version="1.0" encoding="UTF-8"?><record xmlns="http://www.loc.gov/MARC21/slim" xmlns:cinclude="http://apache.org/cocoon/include/1.0" xmlns:zs="http://www.loc.gov/zing/srw/">
  <leader>01055nz  a2200229n  4500</leader>
  <controlfield tag="001">no2015097282</controlfield>
  <controlfield tag="003">DLC</controlfield>
  <controlfield tag="005">20150725073521.0</controlfield>
  <controlfield tag="008">150724n| azannaabn          |n aaa     c</controlfield>
  <datafield tag="010" ind1=" " ind2=" ">
    <subfield code="a">no2015097282</subfield>
  </datafield>
  <datafield tag="035" ind1=" " ind2=" ">
    <subfield code="a">(OCoLC)oca10225918</subfield>
  </datafield>
  <datafield tag="040" ind1=" " ind2=" ">
    <subfield code="a">NcU-H</subfield>
    <subfield code="b">eng</subfield>
    <subfield code="e">rda</subfield>
    <subfield code="c">NcU-H</subfield>
  </datafield>
  <datafield tag="046" ind1=" " ind2=" ">
    <subfield code="f">18670204</subfield>
    <subfield code="g">19460610</subfield>
  </datafield>
  <datafield tag="100" ind1="1" ind2=" ">
    <subfield code="a">Raubenheimer, Otto,</subfield>
    <subfield code="d">1867-1946</subfield>
  </datafield>
  <datafield tag="370" ind1=" " ind2=" ">
    <subfield code="a">Germany</subfield>
    <subfield code="b">New York (N.Y.)</subfield>
    <subfield code="2">naf</subfield>
  </datafield>
  <datafield tag="374" ind1=" " ind2=" ">
    <subfield code="a">Pharmacists</subfield>
    <subfield code="2">lcsh</subfield>
  </datafield>
  <datafield tag="375" ind1=" " ind2=" ">
    <subfield code="a">male</subfield>
  </datafield>
  <datafield tag="377" ind1=" " ind2=" ">
    <subfield code="a">eng</subfield>
  </datafield>
  <datafield tag="670" ind1=" " ind2=" ">
    <subfield code="a">Early history of pharmacy in America, 1926:</subfield>
    <subfield code="b">title page (by Otto Raubenheimer)</subfield>
  </datafield>
  <datafield tag="670" ind1=" " ind2=" ">
    <subfield code="a">OCLC, viewed 22 May 2015</subfield>
    <subfield code="b">(usage: Otto Raubenheimer; access point: Raubenheimer, Otto, Raubenheimer, Otto, 1867-)</subfield>
  </datafield>
  <datafield tag="670" ind1=" " ind2=" ">
    <subfield code="a">New York, N.Y. Death Index, 1862-1948, viewed 22 May 2015, accessed via Ancestry.com</subfield>
    <subfield code="b">(Otto Raubenheimer; born about 1867, Germany; died 10 June 1946, Kings, New York, NY, USA; pharmacist)</subfield>
  </datafield>
  <datafield tag="670" ind1=" " ind2=" ">
    <subfield code="a">New York Naturalization Petitions, 1794-1906, viewed 22 May 2015, accessed via Ancestry.com</subfield>
    <subfield code="b">(Otto Raubenheimer; born 4 February 1867, Germany; druggist)</subfield>
  </datafield>
</record>